%YAML 1.1
%TAG !u! tag:unity3d.com,2011:
--- !u!1 &1978603666006984
GameObject:
  m_ObjectHideFlags: 0
  m_CorrespondingSourceObject: {fileID: 0}
  m_PrefabInstance: {fileID: 0}
  m_PrefabAsset: {fileID: 0}
  serializedVersion: 6
  m_Component:
  - component: {fileID: 4900728934943430}
  - component: {fileID: 195445456006377682}
  - component: {fileID: 114863081509212842}
  - component: {fileID: 504571925505569673}
  - component: {fileID: 3056920385435279317}
  - component: {fileID: 5375599554143952521}
  m_Layer: 0
  m_Name: Roman Archer
  m_TagString: Single Entity
  m_Icon: {fileID: 0}
  m_NavMeshLayer: 0
  m_StaticEditorFlags: 0
  m_IsActive: 1
--- !u!4 &4900728934943430
Transform:
  m_ObjectHideFlags: 0
  m_CorrespondingSourceObject: {fileID: 0}
  m_PrefabInstance: {fileID: 0}
  m_PrefabAsset: {fileID: 0}
  m_GameObject: {fileID: 1978603666006984}
  m_LocalRotation: {x: -0, y: -0, z: -0, w: 1}
  m_LocalPosition: {x: 0, y: 0, z: 0}
  m_LocalScale: {x: 1, y: 1, z: 1}
  m_ConstrainProportionsScale: 0
  m_Children:
  - {fileID: 6321933817999815580}
  - {fileID: 3506087432688693646}
  m_Father: {fileID: 0}
  m_RootOrder: 0
  m_LocalEulerAnglesHint: {x: 0, y: 0, z: 0}
--- !u!195 &195445456006377682
NavMeshAgent:
  m_ObjectHideFlags: 0
  m_CorrespondingSourceObject: {fileID: 0}
  m_PrefabInstance: {fileID: 0}
  m_PrefabAsset: {fileID: 0}
  m_GameObject: {fileID: 1978603666006984}
  m_Enabled: 1
  m_AgentTypeID: 0
  m_Radius: 0.4
  m_Speed: 3
  m_Acceleration: 3
  avoidancePriority: 50
  m_AngularSpeed: 120
  m_StoppingDistance: 1
  m_AutoTraverseOffMeshLink: 1
  m_AutoBraking: 1
  m_AutoRepath: 1
  m_Height: 1
  m_BaseOffset: 0.5
  m_WalkableMask: 4294967295
  m_ObstacleAvoidanceType: 0
--- !u!114 &114863081509212842
MonoBehaviour:
  m_ObjectHideFlags: 0
  m_CorrespondingSourceObject: {fileID: 0}
  m_PrefabInstance: {fileID: 0}
  m_PrefabAsset: {fileID: 0}
  m_GameObject: {fileID: 1978603666006984}
  m_Enabled: 1
  m_EditorHideFlags: 0
  m_Script: {fileID: 11500000, guid: ae137f2383e4ecc48be582cfd30b94e3, type: 3}
  m_Name: 
  m_EditorClassIdentifier: 
  _navMeshAgent: {fileID: 0}
  _modelAnimator: {fileID: 0}
  _rotationSpeed: 5
  _rotationThreshold: 0.5
  _desiredPosition: {x: 0, y: 0, z: 0}
  _finalDestination: {x: 0, y: 0, z: 0}
  _lookRotation: {x: 0, y: 0, z: 0, w: 0}
  _parentSubUnit: {fileID: 0}
--- !u!95 &504571925505569673
Animator:
  serializedVersion: 4
  m_ObjectHideFlags: 0
  m_CorrespondingSourceObject: {fileID: 0}
  m_PrefabInstance: {fileID: 0}
  m_PrefabAsset: {fileID: 0}
  m_GameObject: {fileID: 1978603666006984}
  m_Enabled: 1
  m_Avatar: {fileID: 9000000, guid: f178da59a7094ee4ab2ae9c5360d278a, type: 3}
  m_Controller: {fileID: 9100000, guid: a9d0f2fcb1194c44a8a6c9509c937eda, type: 2}
  m_CullingMode: 2
  m_UpdateMode: 0
  m_ApplyRootMotion: 0
  m_LinearVelocityBlending: 0
  m_StabilizeFeet: 0
  m_WarningMessage: 
  m_HasTransformHierarchy: 1
  m_AllowConstantClipSamplingOptimization: 1
  m_KeepAnimatorControllerStateOnDisable: 0
--- !u!114 &3056920385435279317
MonoBehaviour:
  m_ObjectHideFlags: 0
  m_CorrespondingSourceObject: {fileID: 0}
  m_PrefabInstance: {fileID: 0}
  m_PrefabAsset: {fileID: 0}
  m_GameObject: {fileID: 1978603666006984}
  m_Enabled: 1
  m_EditorHideFlags: 0
  m_Script: {fileID: 11500000, guid: 383841de6da8ff64dbf29c40801408a5, type: 3}
  m_Name: 
  m_EditorClassIdentifier: 
  prefabPrototype: {fileID: 11400000, guid: 2a9e5268431c2e84fa76aff93298b18e, type: 2}
  exposedTransforms: []
--- !u!114 &5375599554143952521
MonoBehaviour:
  m_ObjectHideFlags: 0
  m_CorrespondingSourceObject: {fileID: 0}
  m_PrefabInstance: {fileID: 0}
  m_PrefabAsset: {fileID: 0}
  m_GameObject: {fileID: 1978603666006984}
  m_Enabled: 1
  m_EditorHideFlags: 0
  m_Script: {fileID: 11500000, guid: af364fdba3900e7439da4d2db3e16fdf, type: 3}
  m_Name: 
  m_EditorClassIdentifier: 
  gpuiPrefab: {fileID: 0}
--- !u!1 &7144785092747294355
GameObject:
  m_ObjectHideFlags: 0
  m_CorrespondingSourceObject: {fileID: 0}
  m_PrefabInstance: {fileID: 0}
  m_PrefabAsset: {fileID: 0}
  serializedVersion: 6
  m_Component:
  - component: {fileID: 6321933817999815580}
  - component: {fileID: 2564328049832475081}
  m_Layer: 0
  m_Name: HighlightProjector
  m_TagString: Highlight Projector
  m_Icon: {fileID: 0}
  m_NavMeshLayer: 0
  m_StaticEditorFlags: 0
  m_IsActive: 1
--- !u!4 &6321933817999815580
Transform:
  m_ObjectHideFlags: 0
  m_CorrespondingSourceObject: {fileID: 0}
  m_PrefabInstance: {fileID: 0}
  m_PrefabAsset: {fileID: 0}
  m_GameObject: {fileID: 7144785092747294355}
  m_LocalRotation: {x: 0.7071068, y: -0, z: -0, w: 0.7071068}
  m_LocalPosition: {x: 0, y: -0.40000004, z: 0}
  m_LocalScale: {x: 2, y: 2, z: 1}
  m_ConstrainProportionsScale: 0
  m_Children: []
  m_Father: {fileID: 4900728934943430}
  m_RootOrder: 0
  m_LocalEulerAnglesHint: {x: 90, y: 0, z: 0}
--- !u!212 &2564328049832475081
SpriteRenderer:
  m_ObjectHideFlags: 0
  m_CorrespondingSourceObject: {fileID: 0}
  m_PrefabInstance: {fileID: 0}
  m_PrefabAsset: {fileID: 0}
  m_GameObject: {fileID: 7144785092747294355}
  m_Enabled: 0
  m_CastShadows: 0
  m_ReceiveShadows: 0
  m_DynamicOccludee: 1
  m_StaticShadowCaster: 0
  m_MotionVectors: 1
  m_LightProbeUsage: 1
  m_ReflectionProbeUsage: 1
  m_RayTracingMode: 0
  m_RayTraceProcedural: 0
  m_RenderingLayerMask: 1
  m_RendererPriority: 0
  m_Materials:
  - {fileID: 10754, guid: 0000000000000000f000000000000000, type: 0}
  m_StaticBatchInfo:
    firstSubMesh: 0
    subMeshCount: 0
  m_StaticBatchRoot: {fileID: 0}
  m_ProbeAnchor: {fileID: 0}
  m_LightProbeVolumeOverride: {fileID: 0}
  m_ScaleInLightmap: 1
  m_ReceiveGI: 1
  m_PreserveUVs: 0
  m_IgnoreNormalsForChartDetection: 0
  m_ImportantGI: 0
  m_StitchLightmapSeams: 0
  m_SelectedEditorRenderState: 0
  m_MinimumChartSize: 4
  m_AutoUVMaxDistance: 0.5
  m_AutoUVMaxAngle: 89
  m_LightmapParameters: {fileID: 0}
  m_SortingLayerID: 0
  m_SortingLayer: 0
  m_SortingOrder: 0
  m_Sprite: {fileID: 21300000, guid: c30f2eaaf8222404d90433068eb7b955, type: 3}
  m_Color: {r: 0.9852941, g: 0.91734284, b: 0.3694853, a: 1}
  m_FlipX: 0
  m_FlipY: 0
  m_DrawMode: 0
  m_Size: {x: 1, y: 1}
  m_AdaptiveModeThreshold: 0.5
  m_SpriteTileMode: 0
  m_WasSpriteAssigned: 1
  m_MaskInteraction: 0
  m_SpriteSortPoint: 0
--- !u!1001 &3972920945116681829
PrefabInstance:
  m_ObjectHideFlags: 0
  serializedVersion: 2
  m_Modification:
    m_TransformParent: {fileID: 4900728934943430}
    m_Modifications:
    - target: {fileID: -8679921383154817045, guid: f178da59a7094ee4ab2ae9c5360d278a,
        type: 3}
      propertyPath: m_RootOrder
      value: 1
      objectReference: {fileID: 0}
    - target: {fileID: -8679921383154817045, guid: f178da59a7094ee4ab2ae9c5360d278a,
        type: 3}
      propertyPath: m_LocalPosition.x
      value: 0
      objectReference: {fileID: 0}
    - target: {fileID: -8679921383154817045, guid: f178da59a7094ee4ab2ae9c5360d278a,
        type: 3}
      propertyPath: m_LocalPosition.y
      value: -0.5
      objectReference: {fileID: 0}
    - target: {fileID: -8679921383154817045, guid: f178da59a7094ee4ab2ae9c5360d278a,
        type: 3}
      propertyPath: m_LocalPosition.z
      value: 0
      objectReference: {fileID: 0}
    - target: {fileID: -8679921383154817045, guid: f178da59a7094ee4ab2ae9c5360d278a,
        type: 3}
      propertyPath: m_LocalRotation.w
      value: 1
      objectReference: {fileID: 0}
    - target: {fileID: -8679921383154817045, guid: f178da59a7094ee4ab2ae9c5360d278a,
        type: 3}
      propertyPath: m_LocalRotation.x
      value: 0
      objectReference: {fileID: 0}
    - target: {fileID: -8679921383154817045, guid: f178da59a7094ee4ab2ae9c5360d278a,
        type: 3}
      propertyPath: m_LocalRotation.y
      value: 0
      objectReference: {fileID: 0}
    - target: {fileID: -8679921383154817045, guid: f178da59a7094ee4ab2ae9c5360d278a,
        type: 3}
      propertyPath: m_LocalRotation.z
      value: 0
      objectReference: {fileID: 0}
    - target: {fileID: -8679921383154817045, guid: f178da59a7094ee4ab2ae9c5360d278a,
        type: 3}
      propertyPath: m_LocalEulerAnglesHint.x
      value: 0
      objectReference: {fileID: 0}
    - target: {fileID: -8679921383154817045, guid: f178da59a7094ee4ab2ae9c5360d278a,
        type: 3}
      propertyPath: m_LocalEulerAnglesHint.y
      value: 0
      objectReference: {fileID: 0}
    - target: {fileID: -8679921383154817045, guid: f178da59a7094ee4ab2ae9c5360d278a,
        type: 3}
      propertyPath: m_LocalEulerAnglesHint.z
      value: 0
      objectReference: {fileID: 0}
    - target: {fileID: -8460754251209947409, guid: f178da59a7094ee4ab2ae9c5360d278a,
        type: 3}
      propertyPath: m_Materials.Array.data[0]
      value: 
      objectReference: {fileID: 2100000, guid: bfd719b7a4100df428ef66f991cd7ee1, type: 2}
    - target: {fileID: -2869942899763079152, guid: f178da59a7094ee4ab2ae9c5360d278a,
        type: 3}
      propertyPath: m_Materials.Array.data[0]
      value: 
      objectReference: {fileID: 2100000, guid: bfd719b7a4100df428ef66f991cd7ee1, type: 2}
    - target: {fileID: 919132149155446097, guid: f178da59a7094ee4ab2ae9c5360d278a,
        type: 3}
      propertyPath: m_Name
      value: RomanSoldier_SPEARTHROWIDLE
      objectReference: {fileID: 0}
    - target: {fileID: 5314065677692626801, guid: f178da59a7094ee4ab2ae9c5360d278a,
        type: 3}
      propertyPath: m_Materials.Array.data[0]
      value: 
      objectReference: {fileID: 2100000, guid: 67c88f292bfa6ca429105221e8e27597, type: 2}
    m_RemovedComponents:
    - {fileID: 5866666021909216657, guid: f178da59a7094ee4ab2ae9c5360d278a, type: 3}
  m_SourcePrefab: {fileID: 100100000, guid: f178da59a7094ee4ab2ae9c5360d278a, type: 3}
--- !u!4 &3506087432688693646 stripped
Transform:
  m_CorrespondingSourceObject: {fileID: -8679921383154817045, guid: f178da59a7094ee4ab2ae9c5360d278a,
    type: 3}
  m_PrefabInstance: {fileID: 3972920945116681829}
  m_PrefabAsset: {fileID: 0}
