%YAML 1.1
%TAG !u! tag:unity3d.com,2011:
--- !u!1 &1754607929274046
GameObject:
  m_ObjectHideFlags: 0
  m_CorrespondingSourceObject: {fileID: 0}
  m_PrefabInstance: {fileID: 0}
  m_PrefabAsset: {fileID: 0}
  serializedVersion: 6
  m_Component:
  - component: {fileID: 4602274753346668}
  - component: {fileID: 114583783412086110}
  - component: {fileID: 114528343399693990}
  - component: {fileID: 114730130117123824}
  - component: {fileID: 7294761229783195504}
  - component: {fileID: 4739192892202169956}
  - component: {fileID: 3919777374280302909}
  - component: {fileID: 8794061560837835903}
  m_Layer: 0
  m_Name: Roman Legionary Subunit
  m_TagString: Subunit
  m_Icon: {fileID: -1412012063857583412, guid: 0000000000000000d000000000000000, type: 0}
  m_NavMeshLayer: 0
  m_StaticEditorFlags: 0
  m_IsActive: 1
--- !u!4 &4602274753346668
Transform:
  m_ObjectHideFlags: 0
  m_CorrespondingSourceObject: {fileID: 0}
  m_PrefabInstance: {fileID: 0}
  m_PrefabAsset: {fileID: 0}
  m_GameObject: {fileID: 1754607929274046}
  m_LocalRotation: {x: 0, y: 0, z: 0, w: 1}
  m_LocalPosition: {x: 0, y: 0, z: 0}
  m_LocalScale: {x: 1, y: 1, z: 1}
  m_ConstrainProportionsScale: 0
  m_Children: []
  m_Father: {fileID: 0}
  m_RootOrder: 0
  m_LocalEulerAnglesHint: {x: 0, y: 0, z: 0}
--- !u!114 &114583783412086110
MonoBehaviour:
  m_ObjectHideFlags: 0
  m_CorrespondingSourceObject: {fileID: 0}
  m_PrefabInstance: {fileID: 0}
  m_PrefabAsset: {fileID: 0}
  m_GameObject: {fileID: 1754607929274046}
  m_Enabled: 1
  m_EditorHideFlags: 0
  m_Script: {fileID: 11500000, guid: faea2b77c26b38844ac6659b2cf9cbeb, type: 3}
  m_Name: 
  m_EditorClassIdentifier: 
  CurrentGridSquare: {x: 0, y: 0}
  _parentUnit: {fileID: 0}
  _subUnitOrder: 0.7
  _subUnitRandomness: 0
  _healthPoints: 0
  SubUnitPowerLevelMeleeAttack: 0
  SubUnitPowerLevelMeleeDefense: 0
  SubUnitPowerLevelMissileAttack: 0
  SubUnitPowerLevelMissileDefense: 0
  SubUnitPowerLevelPsych: 0
  _isRunning: 0
  _subUnitFormationWidth: 0
  Type: 1
  Role: 0
  _grid: {fileID: 0}
  _markerPrefab: {fileID: 4618570195448132, guid: 1b211300118c350469c3c30814489e81,
    type: 3}
  EntityPrefab: {fileID: 1978603666006984, guid: be0a5443058602f4f94411b004532678,
    type: 3}
  SimProjectilePrefab: {fileID: 1818095418613254, guid: 33fca3ab37c4a4c9eae259e57d4b54e2,
    type: 3}
--- !u!114 &114528343399693990
MonoBehaviour:
  m_ObjectHideFlags: 0
  m_CorrespondingSourceObject: {fileID: 0}
  m_PrefabInstance: {fileID: 0}
  m_PrefabAsset: {fileID: 0}
  m_GameObject: {fileID: 1754607929274046}
  m_Enabled: 1
  m_EditorHideFlags: 0
  m_Script: {fileID: 11500000, guid: abe4e7f5117dbdd4b8d71c5b94eb3a34, type: 3}
  m_Name: 
  m_EditorClassIdentifier: 
--- !u!114 &114730130117123824
MonoBehaviour:
  m_ObjectHideFlags: 0
  m_CorrespondingSourceObject: {fileID: 0}
  m_PrefabInstance: {fileID: 0}
  m_PrefabAsset: {fileID: 0}
  m_GameObject: {fileID: 1754607929274046}
  m_Enabled: 1
  m_EditorHideFlags: 0
  m_Script: {fileID: 11500000, guid: e164da10573f75e488b1c6d82403a2b0, type: 3}
  m_Name: 
  m_EditorClassIdentifier: 
  _name: Default
  _horizontalSpacing: 1.37
  _verticalSpacing: 1.69
  CanUseFormationDuringCharge: 1
  CanUseFormationInCombat: 1
  CanRunWhileInFormation: 1
  MinimumDisciplineToSustainFormation: -1
  AnimationOverride: 
  FrontRowAnimationOverride: 
  _minimumColumns: 1
  _minimumRows: 1
  _overrideFrontRowVerticalSpacing: 0
  _frontRowVerticalSpacing: 1
--- !u!114 &7294761229783195504
MonoBehaviour:
  m_ObjectHideFlags: 0
  m_CorrespondingSourceObject: {fileID: 0}
  m_PrefabInstance: {fileID: 0}
  m_PrefabAsset: {fileID: 0}
  m_GameObject: {fileID: 1754607929274046}
  m_Enabled: 1
  m_EditorHideFlags: 0
  m_Script: {fileID: 11500000, guid: e164da10573f75e488b1c6d82403a2b0, type: 3}
  m_Name: 
  m_EditorClassIdentifier: 
  _name: Testudo
  _horizontalSpacing: 0.9
  _verticalSpacing: 1
  CanUseFormationDuringCharge: 0
  CanUseFormationInCombat: 0
  CanRunWhileInFormation: 0
  MinimumDisciplineToSustainFormation: 55
  AnimationOverride: ShieldUp
  FrontRowAnimationOverride: ShieldFront
  _minimumColumns: 1
  _minimumRows: 1
  _overrideFrontRowVerticalSpacing: 1
  _frontRowVerticalSpacing: 0.7
--- !u!114 &4739192892202169956
MonoBehaviour:
  m_ObjectHideFlags: 0
  m_CorrespondingSourceObject: {fileID: 0}
  m_PrefabInstance: {fileID: 0}
  m_PrefabAsset: {fileID: 0}
  m_GameObject: {fileID: 1754607929274046}
  m_Enabled: 1
  m_EditorHideFlags: 0
  m_Script: {fileID: 11500000, guid: e164da10573f75e488b1c6d82403a2b0, type: 3}
  m_Name: 
  m_EditorClassIdentifier: 
  _name: Shieldwall
  _horizontalSpacing: 0.9
  _verticalSpacing: 0.9
  CanUseFormationDuringCharge: 0
  CanUseFormationInCombat: 1
  CanRunWhileInFormation: 0
  MinimumDisciplineToSustainFormation: 45
  AnimationOverride: 
  FrontRowAnimationOverride: 
  _minimumColumns: 1
  _minimumRows: 1
  _overrideFrontRowVerticalSpacing: 0
  _frontRowVerticalSpacing: 1
--- !u!114 &3919777374280302909
MonoBehaviour:
  m_ObjectHideFlags: 0
  m_CorrespondingSourceObject: {fileID: 0}
  m_PrefabInstance: {fileID: 0}
  m_PrefabAsset: {fileID: 0}
  m_GameObject: {fileID: 1754607929274046}
  m_Enabled: 1
  m_EditorHideFlags: 0
  m_Script: {fileID: 11500000, guid: c002e9f4d277a504d876c3708879ff4e, type: 3}
  m_Name: 
  m_EditorClassIdentifier: 
  _modName: Testudo
  FormationModDiscipline: 1.6
  FormationModDefenceChance: 0
  FormationModMissileDefenceChance: 2.5
  FormationModConstitution: 2
  FormationModWeaknessToCavalry: -0.025
--- !u!114 &8794061560837835903
MonoBehaviour:
  m_ObjectHideFlags: 0
  m_CorrespondingSourceObject: {fileID: 0}
  m_PrefabInstance: {fileID: 0}
  m_PrefabAsset: {fileID: 0}
  m_GameObject: {fileID: 1754607929274046}
  m_Enabled: 1
  m_EditorHideFlags: 0
  m_Script: {fileID: 11500000, guid: c002e9f4d277a504d876c3708879ff4e, type: 3}
  m_Name: 
  m_EditorClassIdentifier: 
  _modName: Shieldwall
  FormationModDiscipline: 1.2
  FormationModDefenceChance: 1.6
  FormationModMissileDefenceChance: 0
  FormationModConstitution: 1
  FormationModWeaknessToCavalry: -0.06
