%YAML 1.1
%TAG !u! tag:unity3d.com,2011:
--- !u!1 &7386461848223850990
GameObject:
  m_ObjectHideFlags: 0
  m_CorrespondingSourceObject: {fileID: 0}
  m_PrefabInstance: {fileID: 0}
  m_PrefabAsset: {fileID: 0}
  serializedVersion: 6
  m_Component:
  - component: {fileID: 7386461848223850991}
  - component: {fileID: 7386461848223850984}
  m_Layer: 0
  m_Name: Post-process Volume
  m_TagString: Untagged
  m_Icon: {fileID: 0}
  m_NavMeshLayer: 0
  m_StaticEditorFlags: 0
  m_IsActive: 1
--- !u!4 &7386461848223850991
Transform:
  m_ObjectHideFlags: 0
  m_CorrespondingSourceObject: {fileID: 0}
  m_PrefabInstance: {fileID: 0}
  m_PrefabAsset: {fileID: 0}
  m_GameObject: {fileID: 7386461848223850990}
  m_LocalRotation: {x: -0.5492416, y: -0, z: -0, w: 0.8356637}
  m_LocalPosition: {x: -80, y: -56.551865, z: 30.031433}
  m_LocalScale: {x: 1, y: 1, z: 1}
  m_ConstrainProportionsScale: 0
  m_Children: []
  m_Father: {fileID: 7386461848261507975}
  m_RootOrder: 0
  m_LocalEulerAnglesHint: {x: 0, y: 0, z: 0}
--- !u!114 &7386461848223850984
MonoBehaviour:
  m_ObjectHideFlags: 0
  m_CorrespondingSourceObject: {fileID: 0}
  m_PrefabInstance: {fileID: 0}
  m_PrefabAsset: {fileID: 0}
  m_GameObject: {fileID: 7386461848223850990}
  m_Enabled: 1
  m_EditorHideFlags: 0
  m_Script: {fileID: 11500000, guid: 172515602e62fb746b5d573b38a5fe58, type: 3}
  m_Name: 
  m_EditorClassIdentifier: 
  m_IsGlobal: 1
  priority: 0
  blendDistance: 0
  weight: 1
  sharedProfile: {fileID: 11400000, guid: 42707ea02c040453d8d86767be2cc108, type: 2}
--- !u!1 &7386461848261507983
GameObject:
  m_ObjectHideFlags: 0
  m_CorrespondingSourceObject: {fileID: 0}
  m_PrefabInstance: {fileID: 0}
  m_PrefabAsset: {fileID: 0}
  serializedVersion: 6
  m_Component:
  - component: {fileID: 7386461848261507975}
  - component: {fileID: 7386461848261507974}
  - component: {fileID: 7386461848261507973}
  - component: {fileID: 7386461848261507972}
  - component: {fileID: 7386461848261507979}
  - component: {fileID: 7386461848261507978}
  - component: {fileID: 7386461848261507977}
  - component: {fileID: 7386461848261507976}
  m_Layer: 0
  m_Name: Main Camera
  m_TagString: MainCamera
  m_Icon: {fileID: 0}
  m_NavMeshLayer: 0
  m_StaticEditorFlags: 0
  m_IsActive: 1
--- !u!4 &7386461848261507975
Transform:
  m_ObjectHideFlags: 0
  m_CorrespondingSourceObject: {fileID: 0}
  m_PrefabInstance: {fileID: 0}
  m_PrefabAsset: {fileID: 0}
  m_GameObject: {fileID: 7386461848261507983}
  m_LocalRotation: {x: 0.5492416, y: 0, z: 0, w: 0.8356637}
  m_LocalPosition: {x: 80, y: 50, z: 40}
  m_LocalScale: {x: 1, y: 1, z: 1}
  m_ConstrainProportionsScale: 0
  m_Children:
  - {fileID: 7386461848223850991}
  m_Father: {fileID: 0}
  m_RootOrder: 0
  m_LocalEulerAnglesHint: {x: 66.63, y: 0, z: 0}
--- !u!20 &7386461848261507974
Camera:
  m_ObjectHideFlags: 0
  m_CorrespondingSourceObject: {fileID: 0}
  m_PrefabInstance: {fileID: 0}
  m_PrefabAsset: {fileID: 0}
  m_GameObject: {fileID: 7386461848261507983}
  m_Enabled: 1
  serializedVersion: 2
  m_ClearFlags: 1
  m_BackGroundColor: {r: 0.19215687, g: 0.3019608, b: 0.4745098, a: 0}
  m_projectionMatrixMode: 1
  m_GateFitMode: 2
  m_FOVAxisMode: 0
  m_SensorSize: {x: 36, y: 24}
  m_LensShift: {x: 0, y: 0}
  m_FocalLength: 50
  m_NormalizedViewPortRect:
    serializedVersion: 2
    x: 0
    y: 0
    width: 1
    height: 1
  near clip plane: 0.3
  far clip plane: 1000
  field of view: 60
  orthographic: 0
  orthographic size: 5
  m_Depth: 0
  m_CullingMask:
    serializedVersion: 2
    m_Bits: 4294967295
  m_RenderingPath: -1
  m_TargetTexture: {fileID: 0}
  m_TargetDisplay: 0
  m_TargetEye: 3
  m_HDR: 1
  m_AllowMSAA: 1
  m_AllowDynamicResolution: 0
  m_ForceIntoRT: 0
  m_OcclusionCulling: 1
  m_StereoConvergence: 10
  m_StereoSeparation: 0.022
--- !u!124 &7386461848261507973
Behaviour:
  m_ObjectHideFlags: 0
  m_CorrespondingSourceObject: {fileID: 0}
  m_PrefabInstance: {fileID: 0}
  m_PrefabAsset: {fileID: 0}
  m_GameObject: {fileID: 7386461848261507983}
  m_Enabled: 1
--- !u!81 &7386461848261507972
AudioListener:
  m_ObjectHideFlags: 0
  m_CorrespondingSourceObject: {fileID: 0}
  m_PrefabInstance: {fileID: 0}
  m_PrefabAsset: {fileID: 0}
  m_GameObject: {fileID: 7386461848261507983}
  m_Enabled: 1
--- !u!114 &7386461848261507979
MonoBehaviour:
  m_ObjectHideFlags: 0
  m_CorrespondingSourceObject: {fileID: 0}
  m_PrefabInstance: {fileID: 0}
  m_PrefabAsset: {fileID: 0}
  m_GameObject: {fileID: 7386461848261507983}
  m_Enabled: 1
  m_EditorHideFlags: 0
  m_Script: {fileID: 11500000, guid: eef2eda01d30eb44685135b6c79c64a1, type: 3}
  m_Name: 
  m_EditorClassIdentifier: 
  _layerMask:
    serializedVersion: 2
    m_Bits: 256
  _selectionImage: {fileID: 0}
  _worldPosCornerArray:
  - {x: 0, y: 0, z: 0}
  - {x: 0, y: 0, z: 0}
  - {x: 0, y: 0, z: 0}
  - {x: 0, y: 0, z: 0}
  _verticalFormationSpacing: 1
  _horizontalFormationSpacing: 1
  _formationSpacing: 2
  _looseFormationSpacing: 1
  _singleClickSelectionSize: 50
  _dragThresholdInGridSquaresPerUnit: 2
  _speed: 3.5
--- !u!114 &7386461848261507978
MonoBehaviour:
  m_ObjectHideFlags: 0
  m_CorrespondingSourceObject: {fileID: 0}
  m_PrefabInstance: {fileID: 0}
  m_PrefabAsset: {fileID: 0}
  m_GameObject: {fileID: 7386461848261507983}
  m_Enabled: 1
  m_EditorHideFlags: 0
  m_Script: {fileID: 11500000, guid: efbbf40f2f7355c45bc8af2042657245, type: 3}
  m_Name: 
  m_EditorClassIdentifier: 
  CursorRotateLeft: {fileID: 2800000, guid: 558680abb94bb9f4ea48495cb6bc05e1, type: 3}
  CursorRotateRight: {fileID: 2800000, guid: 21e34c18fe455da48bce95ea90b2e824, type: 3}
  cursorMode: 0
  hotSpot: {x: 0, y: 0}
  hotSpotRight: {x: 33, y: 0}
  initialCameraRotationX: 35
  initialCameraRotationY: -35
  terrain: {fileID: 0}
  panSpeed: 15
  zoomSpeed: 1000
  rotationSpeed: 50
  mousePanMultiplier: 0.1
  mouseRotationMultiplier: 0.2
  mouseZoomMultiplier: 1
  minZoomDistance: 5
  maxZoomDistance: 200
  smoothingFactor: 60
  goToSpeed: 0.1
  useKeyboardInput: 1
  useMouseInput: 1
  adaptToTerrainHeight: 0
  increaseSpeedWhenZoomedOut: 1
  correctZoomingOutRatio: 1
  smoothing: 1
  allowDoubleClickMovement: 1
  allowScreenEdgeMovement: 0
  screenEdgeSize: 10
  screenEdgeSpeed: 1
  edgeMargin: 10
  objectToFollow: {fileID: 0}
  cameraTarget: {x: 80, y: 1, z: 80}
  cameraHeightOffset: 1
  layerMask:
    serializedVersion: 2
    m_Bits: 256
  autoFocus: 1
  autoFocusDistanceOffset: 2
  autoFocusFocalLengthBase: 40
  autoFocusFocalLengthMultiplier: 2.75
--- !u!114 &7386461848261507977
MonoBehaviour:
  m_ObjectHideFlags: 0
  m_CorrespondingSourceObject: {fileID: 0}
  m_PrefabInstance: {fileID: 0}
  m_PrefabAsset: {fileID: 0}
  m_GameObject: {fileID: 7386461848261507983}
  m_Enabled: 1
  m_EditorHideFlags: 0
  m_Script: {fileID: 11500000, guid: ea13548ca0e3e934194edea81a61a318, type: 3}
  m_Name: 
  m_EditorClassIdentifier: 
  doubleClickTimeWindow: 0.3
  WasDoubleClick: 0
--- !u!114 &7386461848261507976
MonoBehaviour:
  m_ObjectHideFlags: 0
  m_CorrespondingSourceObject: {fileID: 0}
  m_PrefabInstance: {fileID: 0}
  m_PrefabAsset: {fileID: 0}
  m_GameObject: {fileID: 7386461848261507983}
  m_Enabled: 1
  m_EditorHideFlags: 0
  m_Script: {fileID: 11500000, guid: a79441f348de89743a2939f4d699eac1, type: 3}
  m_Name: 
  m_EditorClassIdentifier: 
  m_RenderShadows: 1
  m_RequiresDepthTextureOption: 2
  m_RequiresOpaqueTextureOption: 2
  m_CameraType: 0
  m_Cameras: []
  m_RendererIndex: 0
  m_VolumeLayerMask:
    serializedVersion: 2
    m_Bits: 1
  m_VolumeTrigger: {fileID: 0}
  m_VolumeFrameworkUpdateModeOption: 2
  m_RenderPostProcessing: 1
  m_Antialiasing: 1
  m_AntialiasingQuality: 2
  m_StopNaN: 0
  m_Dithering: 0
  m_ClearDepth: 1
  m_AllowXRRendering: 1
  m_RequiresDepthTexture: 0
  m_RequiresColorTexture: 0
  m_Version: 2
